% ********** Bibliography **********

@article{waltinger2010feature,
  title={The Feature Difference Coefficient: Classification Using Feature Distribution},
  author={Waltinger, Ulli and Mehler, Er},
  publisher={Citeseer}
}

@article{chetry2011web,
  title={Web genre classification using feature selection and semi-supervised learning},
  author={Chetry, Roshan},
  year={2011},
  publisher={Kansas State University}
}

@inproceedings{falkenjack2013features,
  title={Features indicating readability in Swedish text},
  author={Falkenjack, Johan and M{\"u}hlenbock, Katarina Heimann and J{\"o}nsson, Arne},
  booktitle={Proceedings of the 19th Nordic Conference of Computational Linguistics (NODALIDA 2013)},
  pages={27--40},
  year={2013}
}

@inproceedings{falkenjack2016exploratory,
  title={An Exploratory Study on Genre Classification using Readability Features},
  author={Falkenjack, Johan and Santini, Marina and J{\"o}nsson, Arne},
  booktitle={The Sixth Swedish Language Technology Conference (SLTC) Ume{\aa} University, Ume{\aa}, Sweden, November 17-18, 2016},
  year={2016}
}

@incollection{mehler2011integrating,
  title={Integrating content and structure learning: A model of hypertext zoning and sounding},
  author={Mehler, Alexander and Waltinger, Ulli},
  booktitle={Modeling, Learning, and Processing of Text Technological Data Structures},
  pages={299--329},
  year={2011},
  publisher={Springer}
}

@article{nabhan2016graph,
  title={A Graph-based Approach to Text Genre Analysis},
  author={Nabhan, Ahmed Ragab and Shaalan, Khaled},
  journal={Computaci{\'o}n y Sistemas},
  volume={20},
  number={3},
  pages={527--539},
  year={2016},
  publisher={Centro de Investigaci{\'o}n en computaci{\'o}n, IPN}
}

@inproceedings{malinen2014balanced,
  title={Balanced k-means for clustering},
  author={Malinen, Mikko I and Fr{\"a}nti, Pasi},
  booktitle={Joint IAPR International Workshops on Statistical Techniques in Pattern Recognition (SPR) and Structural and Syntactic Pattern Recognition (SSPR)},
  pages={32--41},
  year={2014},
  organization={Springer}
}

@article{chen2012genre,
  title={Genre identification for office document search and browsing},
  author={Chen, Francine and Girgensohn, Andreas and Cooper, Matthew and Lu, Yijuan and Filby, Gerry},
  journal={International Journal on Document Analysis and Recognition (IJDAR)},
  volume={15},
  number={3},
  pages={167--182},
  year={2012},
  publisher={Springer}
}

@article{finn2006learning,
  title={Learning to classify documents according to genre},
  author={Finn, Aidan and Kushmerick, Nicholas},
  journal={Journal of the American Society for Information Science and Technology},
  volume={57},
  number={11},
  pages={1506--1518},
  year={2006},
  publisher={Wiley Online Library}
}

@article{wang2015pos, 
  title={POS-RS: A Random Subspace method for sentiment classification based on part-of-speech analysis},
  author={Wang, Gang and Zhang, Zhu and Sun, Jianshan and Yang, Shanlin and Larson, Catherine A},
  journal={Information Processing \& Management},
  volume={51},
  number={4},
  pages={458--479},
  year={2015},
  publisher={Elsevier}
}

@article{pritsos2018open,
  title={Open set evaluation of web genre identification},
  author={Pritsos, Dimitrios and Stamatatos, Efstathios},
  journal={Language Resources and Evaluation},
  volume={52},
  number={4},
  pages={949--968},
  year={2018},
  publisher={Springer}
}

@article{onan2018ensemble,
  title={An ensemble scheme based on language function analysis and feature engineering for text genre classification},
  author={Onan, Aytu{\u{g}}},
  journal={Journal of Information Science},
  volume={44},
  number={1},
  pages={28--47},
  year={2018},
  publisher={SAGE Publications Sage UK: London, England}
}

@inproceedings{rangel2016overview,
  title={Overview of the 4th author profiling task at PAN 2016: cross-genre evaluations},
  author={Rangel, Francisco and Rosso, Paolo and Verhoeven, Ben and Daelemans, Walter and Potthast, Martin and Stein, Benno},
  booktitle={Working Notes Papers of the CLEF 2016 Evaluation Labs. CEUR Workshop Proceedings/Balog, Krisztian [edit.]; et al.},
  pages={750--784},
  year={2016}
}

@incollection{kim2010formulating,
  title={Formulating representative features with respect to genre classification},
  author={Kim, Yunhyong and Ross, Seamus},
  booktitle={Genres on the Web},
  pages={129--147},
  year={2010},
  publisher={Springer}
}

@article{zhu2016exploiting,
  title={Exploiting link structure for web page genre identification},
  author={Zhu, Jia and Xie, Qing and Yu, Shoou-I and Wong, Wai Hung},
  journal={Data mining and knowledge discovery},
  volume={30},
  number={3},
  pages={550--575},
  year={2016},
  publisher={Springer}
}

@article{caple2017genre,
  title={Genre (less) and purpose (less): Online news galleries},
  author={Caple, Helen and Knox, John S},
  journal={Discourse, context \& media},
  volume={20},
  pages={204--217},
  year={2017},
  publisher={Elsevier}
}

@article{lieungnapar2017genre,
  title={Genre induction from a linguistic approach},
  author={Lieungnapar, Angvarrah and Todd, Richard Watson and Trakulkasemsuk, Wannapa},
  journal={Indonesian Journal of Applied Linguistics},
  volume={6},
  number={2},
  pages={319--329},
  year={2017}
}

@article{al2017genre,
  title={A genre analysis of research article abstracts written by native and non-native speakers of English},
  author={Al-Khasawneh, Fadi Maher},
  journal={Journal of Applied Linguistics and Language Research},
  volume={4},
  number={1},
  pages={1--13},
  year={2017}
}

@article{lee2017text,
  title={Text-based video genre classification using multiple feature categories and categorization methods},
  author={Lee, Chris G},
  year={2017}
}

@book{dash2018history,
  title={History, Features, and Typology of Language Corpora},
  author={Dash, Niladri Sekhar and Arulmozi, S},
  pages={35--49},
  year={2018},
  publisher={Springer}
}

@article{melissourgou2017genre,
  title={Genre identification based on SFL principles: The representation of text types and genres in English language teaching material},
  author={Melissourgou, Maria N and Frantzi, Katerina T},
  journal={Corpus Pragmatics},
  volume={1},
  number={4},
  pages={373--392},
  year={2017},
  publisher={Springer}
}

@inproceedings{fei2016breaking,
  title={Breaking the closed world assumption in text classification},
  author={Fei, Geli and Liu, Bing},
  booktitle={Proceedings of the 2016 Conference of the North American Chapter of the Association for Computational Linguistics: Human Language Technologies},
  pages={506--514},
  year={2016}
}

@inproceedings{qu2006automated,
  title={Automated Blog Classification: Challenges and Pitfalls.},
  author={Qu, Hong and La Pietra, Andrea and Poon, Sarah S},
  booktitle={AAAI Spring Symposium: Computational Approaches to Analyzing Weblogs},
  pages={184--186},
  year={2006}
}

@inproceedings{derczynski2014social,
  title={Social Media: A Microscope for Public Discourse},
  author={Derczynski, Leon},
  booktitle={Proceedings of the Digital Humanities Congress},
  year={2014}
}

@book{hoffmann2012cohesive,
  title={Cohesive profiling: Meaning and interaction in personal weblogs},
  author={Hoffmann, Christian R},
  volume={219},
  year={2012},
  publisher={John Benjamins Publishing}
}

@article{virik2017blog,
  title={Blog style classification: refining affective blogs},
      author={Virik, Martin and Simko, Marian and Bielikova, Maria},
  journal={Computing and Informatics},
  volume={35},
  number={5},
  pages={1027--1049},
  year={2017}
}

@inproceedings{chi2018sources,
  title={What Sources to Rely on:: Laypeople's Source Selection in Online Health Information Seeking},
  author={Chi, Yu and He, Daqing and Han, Shuguang and Jiang, Jie},
  booktitle={Proceedings of the 2018 Conference on Human Information Interaction\&Retrieval},
  pages={233--236},
  year={2018},
  organization={ACM}
}

@article{nguyen2019cross,
  title={Cross-lingual genre classification using linguistic groupings},
  author={Nguyen, Hoang and Rohrbaugh, Gene},
  journal={Journal of Computing Sciences in Colleges},
  volume={34},
  number={3},
  pages={91--96},
  year={2019},
  publisher={Consortium for Computing Sciences in Colleges}
}

@article{strobel2018text,
  title={Text Genre Classification Based on Linguistic Complexity Contours Using A Recurrent Neural Network},
  author={Str{\"o}bel, Marcus and Kerz, Elma and Wiechmann, Daniel and Qiao, Yu},
  year={2018},
  publisher={Tenth International Workshop Modelling and Reasoning in Context (MRC)}
}

@article{hardy2016genre,
  title={Genre variation in student writing: A multi-dimensional analysis},
  author={Hardy, Jack A and Friginal, Eric},
  journal={Journal of English for Academic Purposes},
  volume={22},
  pages={119--131},
  year={2016},
  publisher={Elsevier}
}

@article{clark2014you,
  title={You have e-mail, what happens next? Tracking the eyes for genre},
  author={Clark, Malcolm and Ruthven, Ian and Holt, Patrik O’Brian and Song, Dawei and Watt, Stuart},
  journal={Information Processing \& Management},
  volume={50},
  number={1},
  pages={175--198},
  year={2014},
  publisher={Elsevier}
}

@inproceedings{dai2018fine,
  title={Fine-grained Structure-based News Genre Categorization},
  author={Dai, Zeyu and Taneja, Himanshu and Huang, Ruihong},
  booktitle={Proceedings of the Workshop Events and Stories in the News 2018},
  pages={61--67},
  year={2018}
}

% New Citetion | Oct 2016

@article{scheirer2013toward,
  title={Toward open set recognition},
  author={Scheirer, Walter J and de Rezende Rocha, Anderson and Sapkota, Archana and Boult, Terrance E},
  journal={IEEE transactions on pattern analysis and machine intelligence},
  volume={35},
  number={7},
  pages={1757--1772},
  year={2013},
  publisher={IEEE}
}

% New Citetion | April 2016

@article{abramson2012_URL,
  title={What’s in a URL? Genre Classification from URLs},
  author={Abramson, Myriam and Aha, David W},
  journal={Intelligent techniques for web personalization and recommender systems. aaai technical report. Association for the Advancement of Artificial Intelligence},
  year={2012}
}

@inproceedings{jebari2014pure_URL,
  title={A Pure URL-Based Genre Classification of Web Pages},
  author={Jebari, Chaker},
  booktitle={Database and Expert Systems Applications (DEXA), 2014 25th International Workshop on},
  pages={233--237},
  year={2014},
  organization={IEEE}
}

@article{jebari2015combination,
  title={A Combination based on OWA Operators for Multi-label Genre Classification of web pages},
  author={Jebari, Chaker},
  journal={Procesamiento del Lenguaje Natural},
  volume={54},
  pages={13--20},
  year={2015}
}

@article{kumari2012performance,
  title={Performance improvement of web page genre classification},
  author={Kumari, K Pranitha and Reddy, A Venugopal},
  journal={International Journal of Computer Applications},
  volume={53},
  number={10},
  year={2012},
  publisher={Foundation of Computer Science}
}

@article{kumari2014web,
  title={Web page genre classification: Impact of n-gram lengths},
  author={Kumari, K Pranitha and Reddy, A Venugopal and Fatima, S Sameen},
  journal={International Journal of Computer Applications},
  volume={88},
  number={13},
  year={2014},
  publisher={Foundation of Computer Science}
}

@incollection{madjarov2015web,
  title={Web Genre Classification via Hierarchical Multi-label Classification},
  author={Madjarov, Gjorgji and Vidulin, Vedrana and Dimitrovski, Ivica and Kocev, Dragi},
  booktitle={Intelligent Data Engineering and Automated Learning--IDEAL 2015},
  pages={9--17},
  year={2015},
  publisher={Springer}
}

@article{petrenz2011stable,
  title={Stable classification of text genres},
  author={Petrenz, Philipp and Webber, Bonnie},
  journal={Computational Linguistics},
  volume={37},
  number={2},
  pages={385--393},
  year={2011},
  publisher={MIT Press}
}

@article{priyatam2013don_URL,
  title={Don’t Use a Lot When Little Will Do: Genre Identification Using URLs},
  author={Priyatam, Pattisapu Nikhil and Iyengar, Srinivasan and Perumal, Krish and Varma, Vasudeva},
  journal={Research in Computing Science},
  volume={70},
  pages={207--218},
  year={2013}
}

@inproceedings{gollapalli2011identifying,
  title={On identifying academic homepages for digital libraries},
  author={Gollapalli, Sujatha Das and Giles, C Lee and Mitra, Prasenjit and Caragea, Cornelia},
  booktitle={Proceedings of the 11th annual international ACM/IEEE joint conference on Digital libraries},
  pages={123--132},
  year={2011},
  organization={ACM}
}

@inproceedings{wu2010fine,
  title={Fine-grained genre classification using structural learning algorithms},
  author={Wu, Zhili and Markert, Katja and Sharoff, Serge},
  booktitle={Proceedings of the 48th Annual Meeting of the Association for Computational Linguistics},
  pages={749--759},
  year={2010},
  organization={Association for Computational Linguistics}
}

@inproceedings{levering2008using,
  title={Using visual features for fine-grained genre classification of web pages},
  author={Levering, Ryan and Cutler, Michal and Yu, Lei},
  booktitle={Hawaii International Conference on System Sciences, Proceedings of the 41st Annual},
  pages={131--131},
  year={2008},
  organization={IEEE}
}


%Considerig Philosophy of Genre and Web Genre notion.

@incollection{crowston2011problems,
  title={Problems in the use-centered development of a taxonomy of web genres},
  author={Crowston, Kevin and Kwa{\'s}nik, Barbara and Rubleske, Joseph},
  booktitle={Genres on the Web},
  pages={69--84},
  year={2011},
  publisher={Springer}
}

@article{coutinho2009describe,
  title={To describe genres: problems and strategies},
  author={Coutinho, Maria Ant{\'o}nia and Miranda, Florencia},
  journal={Genre in a Changing World. Fort Collins, Colorado: The WAC Clearinghouse},
  pages={35--55},
  year={2009}
}

%Considering Graph-Based Classification or Ranking

@article{asheghi2014semi,
  title={Semi-supervised Graph-based Genre Classification for Web Pages},
  author={Asheghi, Noushin Rezapour and Markert, Katja and Sharoff, Serge},
  journal={TextGraphs-9},
  pages={39},
  year={2014}
}

@incollection{zhu2011enhance,
  title={Enhance web pages genre identification using neighboring pages},
  author={Zhu, Jia and Zhou, Xiaofang and Fung, Gabriel},
  booktitle={Web Information System Engineering--WISE 2011},
  pages={282--289},
  year={2011},
  publisher={Springer}
}

%Considering OCC

@article{manevitz2002one,
  title={{One-class svms for document classification}},
  author={Manevitz, L.M. and Yousef, M.},
  journal={The Journal of Machine Learning Research},
  volume={2},
  pages={139--154},
  issn={1532-4435},
  year={2002},
  publisher={JMLR. org}
}

%Considering Open-set Classification

@incollection{pritsos2013open,
  title={Open-Set classification for automated genre identification},
  author={Pritsos, Dimitrios A and Stamatatos, Efstathios},
  booktitle={Advances in Information Retrieval},
  pages={207--217},
  year={2013},
  publisher={Springer}
}

@incollection{pritsos2015clef,
  title={The Impact of Noise in Web Genre Identification},
  author={Pritsos, Dimitrios and Stamatatos, Efstathios},
  booktitle={Experimental IR Meets Multilinguality, Multimodality, and Interaction},
  pages={268--273},
  year={2015},
  publisher={Springer}
}

%Considering Noise

@inproceedings{dong2008examination,
  title={An examination of genre attributes for Web page classification},
  author={Dong, Lei and Watters, Carolyn and Duffy, Jack and Shepherd, Michael},
  booktitle={Hawaii International Conference on System Sciences, Proceedings of the 41st Annual},
  pages={133--133},
  year={2008},
  organization={IEEE}
}

%Considering Term Weighting Schemes

@article{sugiyanto2014term,
  title={TERM WEIGHTING BASED ON INDEX OF GENRE FOR WEB PAGE GENRE CLASSIFICATION},
  author={Sugiyanto, Sugiyanto and Rozi, Nanang Fakhrur and Putri, Tesa Eranti and Arifin, Agus Zainal},
  journal={JUTI: Jurnal Ilmiah Teknologi Informasi},
  volume={12},
  number={1},
  pages={27--34},
  year={2014}
}

@inproceedings{kennedy2005automatic,
  title={Automatic identification of home pages on the web},
  author={Kennedy, Alistair and Shepherd, Michael},
  booktitle={System Sciences, 2005. HICSS'05. Proceedings of the 38th Annual Hawaii International Conference on},
  pages={99c--99c},
  year={2005},
  organization={IEEE}
}

%Considering Test on Users

@inproceedings{roussinov2001genre,
  title={Genre based navigation on the web},
  author={Roussinov, Dmitri and Crowston, Kevin and Nilan, Mike and Kwasnik, Barbara and Cai, Jin and Liu, Xiaoyong},
  booktitle={System Sciences, 2001. Proceedings of the 34th Annual Hawaii International Conference on},
  pages={10--pp},
  year={2001},
  organization={IEEE}
}

#Considering the rest of the previous work so far

@incollection{santini2011cross,
  title={Cross-testing a genre classification model for the web},
  author={Santini, Marina},
  booktitle={Genres on the Web},
  pages={87--128},
  year={2011},
  publisher={Springer}
}

@inproceedings{joho2004spirit,
  title={The SPIRIT collection: an overview of a large web collection},
  author={Joho, Hideo and Sanderson, Mark},
  booktitle={ACM SIGIR Forum},
  volume={38},
  number={2},
  pages={57--61},
  year={2004},
  organization={ACM}
}

@phdthesis{santini2007automatic,
  title={Automatic identification of genre in web pages},
  author={Santini, M.},
  year={2007},
  school={University of Brighton}
}

@article{Braslavski2007,
  title={Combining relevance and genre-related rankings: An exploratory study},
  author={Braslavski, P.},
  journal={In Proceedings of the international workshop towards genreenabled search engines: The impact of NLP},
  pages={1-4},
  year={2007},
}

@inproceedings{zhang2003properties,
  title={Properties of binary vector dissimilarity measures},
  author={Zhang, B. and Srihari, S.N.},
  booktitle={Proc. JCIS Int'l Conf. Computer Vision, Pattern Recognition, and Image Processing},
  volume={1},
  year={2003}
}

@inproceedings{sharoff2010web,
  title={The Web library of Babel: evaluating genre collections},
  author={Sharoff, S. and Wu, Z. and Markert, K.},
  booktitle={Proceedings of the Seventh Conference on International Language Resources and Evaluation},
  pages={3063--3070},
  year={2010}
}

@conference{mason2009distance,
  title={{Classifying web pages by genre: A distance function approach}},
  author={Mason, J. and Shepherd, M. and Duffy, J.},
  booktitle={Proceedings of the 5th International Conference on Web Information Systems and Technologies (WEBIST 2009)},
  year={2009}
}

@article{yu2005single,
  title={{Single-class classification with mapping convergence}},
  author={Yu, H.},
  journal={Machine Learning},
  volume={61},
  number={1},
  pages={49--69},
  issn={0885-6125},
  year={2005},
  publisher={Springer}
}

@conference{feldman2009classifying,
  title={{Classifying factored genres with part-of-speech histograms}},
  author={Feldman, S. and Marin, M. and Medero, J. and Ostendorf, M.},
  booktitle={Proceedings of Human Language Technologies: The 2009 Annual Conference of the NACACL, Companion Volume: Short Papers},
  pages={173--176},
  year={2009},
  organization={Association for Computational Linguistics}
}

@article{santini2009web,
  title={{Web genre benchmark under construction}},
  author={Santini, M. and Sharoff, S.},
  journal={Journal for Language Technology and Computational Linguistics},
  volume={24},
  number={1},
  pages={129--145},
  year={2009},
  publisher={Citeseer}
}

@conference{mason2009n,
  title={{An n-gram based approach to automatically identifying web page genre}},
  author={Mason, J.E. and Shepherd, M. and Duffy, J.},
  booktitle={hicss},
  pages={1--10},
  year={2009},
  organization={IEEE Computer Society}
}

@conference{li2003learning,
  title={{Learning to classify texts using positive and unlabeled data}},
  author={Li, X. and Liu, B.},
  booktitle={International joint Conference on Artificial Intelligence},
  volume={18},
  pages={587--594},
  issn={1045-0823},
  year={2003},
  organization={Citeseer}
}

%Considering Author Attribution/Identification

@article{koppel2014determining,
  title={Determining if two documents are written by the same author},
  author={Koppel, Moshe and Winter, Yaron},
  journal={Journal of the Association for Information Science and Technology},
  volume={65},
  number={1},
  pages={178--187},
  year={2014},
  publisher={Wiley Online Library}
}

@article{stamatatos2009survey,
  title={A survey of modern authorship attribution methods},
  author={Stamatatos, E.},
  journal={Journal of the American Society for information Science and Technology},
  volume={60},
  number={3},
  pages={538--556},
  year={2009},
  publisher={Wiley Online Library}
}

%Considering Applications

@phdthesis{rosso2005using,
  title={Using genre to improve web search},
  author={Rosso, Mark A},
  year={2005},
  school={Citeseer}
}

@article{de2009genre,
  title={A genre-aware approach to focused crawling},
  author={De Assis, Guilherme T and Laender, Alberto HF and Gon{\c{c}}alves, Marcos Andr{\'e} and Da Silva, Altigran S},
  journal={World Wide Web},
  volume={12},
  number={3},
  pages={285--319},
  year={2009},
  publisher={Springer}
}

@article{shepherd2004cybergenre,
  title={Cybergenre: Automatic Identification of Home Pages on the Web.},
  author={Shepherd, Michael A and Watters, Carolyn R and Kennedy, Alistair},
  journal={J. Web Eng.},
  volume={3},
  number={3-4},
  pages={236--251},
  year={2004}
}

%Considering Test on Users

@book{mehler2010genres_on_web,
  title={Genres on the Web: Computational Models and Empirical Studies},
  author={Mehler, A. and Sharoff, S. and Santini, M.},
  isbn={9789048191789},
  lccn={2010933721},
  series={Text, Speech and Language Technology},
  year={2010},
  publisher={Springer}
}

@article{Anderka2011,
  title={Detection of text quality as as a one-class classification problem},
  author={Anderka, M., Stein, B., Lipka, N.},
  journal={20th ACM International Conference on Information and Knowledge Management (CIKM'11)},
  pages={2313--2316},
  year={2011},
  publisher={ACM}
}

@article{ferretti2012use,
  title={On the Use of PU Learning for Quality Flaw Prediction in Wikipedia},
  author={Ferretti, E. and Fusilier, D.H. and Cabrera, R.G. and y G{\'o}mez, M.M. and Errecalde, M. and Rosso, P.},
  journal={Working Notes, CLEF 2012 Evaluation Labs and Workshop, 17-20 Rome, Italy.},
  year={2012}
}

@article{Lim2005,
  title={Multiple sets of features for automatic genre classification of web documents},
  author={Lim, C. S., {\relax Lee, } K. J., , {\relax Kim, }, G. C.},
  journal={Information Processing and Management},
  volume={41},
  number={5},
  pages={1263--1276},
  year={2005},
}

@phdthesis{Rosso2005,
  title={Using genre to improve web search},
  author={Rosso, M.},
  year={2005},
  school={University of North Carolina at Chapel Hill}
}

@article{koppel2011authorship,
  title={Authorship attribution in the wild},
  author={Koppel, M. and Schler, J. and Argamon, S.},
  journal={Language Resources and Evaluation},
  volume={45},
  number={1},
  pages={83--94},
  year={2011},
  publisher={Springer}
}

@article{khan2010survey,
  title={{A survey of recent trends in one class classification}},
  author={Khan, S. and Madden, M.},
  journal={Artificial Intelligence and Cognitive Science},
  pages={188--197},
  year={2010},
  publisher={Springer}
}

@conference{mason2009classifying,
  title={{Classifying Web Pages by Genre: An n-Gram Approach}},
  author={Mason, J.E. and Shepherd, M. and Duffy, J.},
  booktitle={2009 IEEE/WIC/ACM International Conference on Web Intelligence and Intelligent Agent Technology},
  pages={458--465},
  year={2009},
  organization={IEEE}
}

@article{scholkopf1999estimating,
  title={{Estimating the support of a high-dimensional distribution}},
  author={Scholkopf, B. and Platt, J.C. and Shawe-Taylor, J. and Smola, A.J. and Williamson, R.C.},
  journal={Technical Report MSR-TR-99-87},
  year={1999},
  publisher={Microsoft Research, Redmond, WA 98052}
}

@article{meyer2004genre,
  title={Genre classification of web pages},
  author={Meyer zu Eissen, S. and Stein, B.},
  journal={KI 2004: Advances in Artificial Intelligence},
  pages={256--269},
  year={2004},
  publisher={Springer}
}

@article{santini2005linguistic,
  title={{Linguistic facets for genre and text type identification: A description of linguistically-motivated features}},
  author={Santini, M.},
  journal={ITRI report series: ITRI-05},
  volume={2},
  year={2005}
}

@article{dong2006binary,
  title={{Binary cybergenre classification using theoretic feature measures}},
  author={Dong, L. and Watters, C. and Duffy, J. and Shepherd, M.},
  year={2006},
  publisher={IEEE Computer Society}
}

@article{houvardas2006n,
  title={{N-gram feature selection for authorship identification}},
  author={Houvardas, J. and Stamatatos, E.},
  journal={Artificial Intelligence: Methodology, Systems, and Applications},
  pages={77--86},
  year={2006},
  publisher={Springer}
}

@article{mccarthy2009psychological,
  title={{A psychological and computational study of sub-sentential genre recognition}},
  author={McCarthy, P.M. and Myers, J.C. and Briner, S.W. and Graesser, A.C. and McNamara, D.S.},
  journal={Journal for Language Technology and Computational Linguistics},
  volume={24},
  pages={23--55},
  year={2009},
  publisher={Citeseer}
}

@article{kanaris2009learning,
  title={{Learning to recognize webpage genres}},
  author={Kanaris, I. and Stamatatos, E.},
  journal={Information Processing \& Management},
  volume={45},
  number={5},
  pages={499--512},
  issn={0306-4573},
  year={2009},
  publisher={Elsevier}
}

@conference{joachims1997probabilistic,
  title={{A probabilistic analysis of the Rocchio algorithm with TFIDF for text categorization}},
  author={Joachims, T.},
  booktitle={Machine Learning-International Workshop then Conference-},
  pages={143--151},
  year={1997},
  organization={Citeseer}
}

@conference{liu2002partially,
  title={{Partially supervised classification of text documents}},
  author={Liu, B. and Lee, W.S. and Yu, P.S. and Li, X.},
  booktitle={MACHINE LEARNING-INTERNATIONAL WORKSHOP THEN CONFERENCE-},
  pages={387--394},
  year={2002},
  organization={Citeseer}
}

@article{olston2010web,
  title={{Web Crawling}},
  author={Olston, C. and Najork, M.},
  journal={Information Retrieval},
  volume={4},
  number={3},
  pages={175--246},
  year={2010},
  publisher={Nowpublishers}
}

@book{manning2008introduction,
  title={{Introduction to information retrieval}},
  author={Manning, C.D. and Raghavan, P. and Schutze, H. and Ebooks Corporation},
  volume={1},
  year={2008},
  publisher={Cambridge University Press Cambridge, UK}
}

@article{bishop2006,
  title={{Pattern Recognition and Machine Learning}},
  author={Bishop, C.M.},
  pages={331--336},
  year={2006},
  publisher={Springer}
}

@article{sebastiani2002,
 author = {Fabrizio Sebastiani},
 title = {Machine learning in automated text categorization},
 journal = {ACM Comput. Surv.},
 volume = {34},
 number = {1},
 year = {2002},
 issn = {0360-0300},
 pages = {1--47},
 doi = {http://doi.acm.org/10.1145/505282.505283},
 publisher = {ACM},
 address = {New York, NY, USA},
 }

@inproceedings{pardo2009detecting,
  title={Detecting blogs independently from the language and content},
  author={Pardo, Francisco Manuel Rangel and Padilla, Anselmo Pe{\~n}as},
  booktitle={1st International Workshop on Mining Social Media (MSM09-CAEPIA09)},
  year={2009},
  organization={Citeseer}
}

@article{stubbe2007genre,
  title={Genre as noise: Noise in genre},
  author={Stubbe, Andrea and Ringlstetter, Christoph and Schulz, Klaus U},
  journal={International Journal of Document Analysis and Recognition (IJDAR)},
  volume={10},
  number={3-4},
  pages={199--209},
  year={2007},
  publisher={Springer}
}

@PhdThesis{Asheghi2015,
  title={Human Annotation and Automatic Detection of Web Genres},
  author={Noushin Rezapour Asheghi},
  school={University of Leeds},
  year={2015},
}

@article {Rosso2008,
  author = {Rosso, Mark A.},
  title = {User-based identification of Web genres},
  journal = {Journal of the American Society for Information Science and Technology},
  volume = {59},
  number = {7},
  publisher = {Wiley Subscription Services, Inc., A Wiley Company},
  issn = {1532-2890},
  url = {http://dx.doi.org/10.1002/asi.20798},
  doi = {10.1002/asi.20798},
  pages = {1053--1072},
  year = {2008},
}

@inproceedings{Nooralahzadeh2014,
  author = {Farhad Nooralahzadeh and Caroline Brun and Claude Roux},
  title = {Part of Speech Tagging for French Social Media Data},
  booktitle = {{COLING} 2014, 25th International Conference on Computational Linguistics, Proceedings of the Conference: Technical Papers, August 23-29, 2014, Dublin, Ireland},
  pages = {1764--1772},
  year = {2014}
}

@inproceedings{Boese2005,
  title={Effects of web document evolution on genre classification},
  author={Boese, Elizabeth Sugar and Howe, Adele E},
  booktitle={Proceedings of the 14th ACM international conference on Information and knowledge management},
  pages={632--639},
  year={2005},
  organization={ACM}
}

@inproceedings{Vidulin2007,
  title={Using genres to improve search engines},
  author={Vidulin, Vedrana and Lu{\v{s}}trek, Mitja and Gams, Matja{\v{z}}},
  booktitle={Proc. of the Int. Workshop Towards Genre-Enabled Search Engines},
  pages={45--51},
  year={2007}
}

@inproceedings{Sharroff2010,
  title={The Web Library of Babel: evaluating genre collections.},
  author={Sharoff, Serge and Wu, Zhili and Markert, Katja},
  booktitle={LREC},
  year={2010},
  organization={Citeseer}
}

@article{mendesjunior2016,
  title={Nearest neighbors distance ratio open-set classifier},
  author={Mendes J{\'u}nior, Pedro R and de Souza, Roberto M and Werneck, Rafael de O and Stein, Bernardo V and Pazinato, Daniel V and de Almeida, Waldir R and Penatti, Ot{\'a}vio AB and Torres, Ricardo da S and Rocha, Anderson},
  journal={Machine Learning},
  pages={1--28},
  publisher={Springer},
  year={2016},
}

% ********** End of bibliography **********
